<?xml version="1.0" encoding="UTF-8"?><record xmlns="http://www.loc.gov/MARC21/slim" xmlns:cinclude="http://apache.org/cocoon/include/1.0" xmlns:zs="http://www.loc.gov/zing/srw/">
  <leader>00979cz  a2200217n  4500</leader>
  <controlfield tag="001">n  88123961 </controlfield>
  <controlfield tag="003">DLC</controlfield>
  <controlfield tag="005">20021025061444.0</controlfield>
  <controlfield tag="008">890608n| acannaabn          |a aaa      </controlfield>
  <datafield tag="010" ind1=" " ind2=" ">
    <subfield code="a">n  88123961 </subfield>
  </datafield>
  <datafield tag="035" ind1=" " ind2=" ">
    <subfield code="a">(OCoLC)oca02540089</subfield>
  </datafield>
  <datafield tag="040" ind1=" " ind2=" ">
    <subfield code="a">DLC</subfield>
    <subfield code="c">DLC</subfield>
    <subfield code="d">DLC</subfield>
    <subfield code="d">DLC-ON</subfield>
  </datafield>
  <datafield tag="053" ind1=" " ind2="0">
    <subfield code="a">PL4758.9.J54</subfield>
  </datafield>
  <datafield tag="100" ind1="0" ind2=" ">
    <subfield code="a">Jīvapārati,</subfield>
    <subfield code="d">1950-</subfield>
  </datafield>
  <datafield tag="400" ind1="1" ind2=" ">
    <subfield code="a">Irāmamūrtti, Irā. Ka.,</subfield>
    <subfield code="d">1950-</subfield>
  </datafield>
  <datafield tag="400" ind1="1" ind2=" ">
    <subfield code="a">Jeevabharathy, K.,</subfield>
    <subfield code="d">1950-</subfield>
  </datafield>
  <datafield tag="400" ind1="1" ind2=" ">
    <subfield code="a">Jīvapārati, Kē.,</subfield>
    <subfield code="d">1950-</subfield>
  </datafield>
  <datafield tag="670" ind1=" " ind2=" ">
    <subfield code="a">His Kālamar̲intu Kūviya cēval, 1988:</subfield>
    <subfield code="b">t.p. (Jīvapārati)</subfield>
  </datafield>
  <datafield tag="670" ind1=" " ind2=" ">
    <subfield code="a">Ulakat Tamil̲ el̲uttāḷar yār? evar?, 1980:</subfield>
    <subfield code="b">p. 28 (Irāmamūrtti, Irā. Ka. ; Jīvapārati ; b. 6/15/1950)</subfield>
  </datafield>
  <datafield tag="670" ind1=" " ind2=" ">
    <subfield code="a">Pāṭṭukkōṭṭai, 1995:</subfield>
    <subfield code="b">t.p. (Kē. Jīvapārati) t.p. verso (K. Jeevabharathy)</subfield>
  </datafield>
  <datafield tag="670" ind1=" " ind2=" ">
    <subfield code="a">Ulakappan̲ kālamum kavitaiyum, 1995:</subfield>
    <subfield code="b">t.p. (Kē. Jīvapārati) t.p. verso (K. Jeevabharathy) cover, p. 4 (poet; writes songs for films; asst. director; Communist activist)</subfield>
  </datafield>
</record>